@ARTICLE{armstrong2006,
  author = {Armstrong, R. and Kumfert, G. and McInnes, L.C. and Parker, S. and
	Allan, B. and Sottile, M. and Epperly, T. and Dahlgren, T.},
  title = {The {CCA} component model for high-performance scientific computing},
  journal = {Concurrency and Computation: Practice and Experience},
  year = {2006},
  volume = {18},
  pages = {215--229},
  number = {2},
  owner = {lynnreid},
  timestamp = {2008.06.19}
}

@TechReport{Chombo,
 author =	 {P. Colella and D. T. Graves and D. Modiano and
                 D. B. Serafini and B. van Straalen},
 title =	 {Chombo Software Package for {AMR} Applications},
 institution =	 {Lawrence Berkeley National Laboratory},
 note = {\url{http://seesar.lbl.gov/anag/chombo/}},
 year =	 {2000}
}

@inproceedings{gilmanov2013application,
  title={Application characteristics of many-tasking execution models},
  author={Gilmanov, T and Anderson, M and Brodowicz, M and Sterling, T},
  booktitle={Proc. of the 2013 International Conference on Parallel and Distributed Processing Techniques and Applications (PDPTA)},
  year={2013},
  organization={Citeseer}
}

@ARTICLE{Dubey2009,
  author = {Dubey, A. and Antypas, K. and Ganapathy, M.K. and Reid, L.B. and
	Riley, K. and Sheeler, D. and Siegel, A. and Weide, K.},
  title = {Extensible component-based architecture for {FLASH}, a massively
	parallel, multiphysics simulation code},
  journal = {Parallel Computing},
  year = {2009},
  volume = {35},
  pages = {512--522},
  number = {10-11},
  publisher = {Elsevier}
}

@ARTICLE{Dubey2008,
  author = {Dubey, A. and Reid, L.B. and Fisher, R.},
  title = {Introduction to {FLASH 3.0}, with application to supersonic turbulence},
  journal = {Physica Scripta},
  year = {2008},
  volume = {T132},
  note = {Topical Issue on Turbulent Mixing and Beyond, results of a conference
	at ICTP, Trieste, Italy, August 2008.},
  owner = {lynnreid},
  timestamp = {2008.06.25},
  usescode = {Yes},
  waseveratflash = {Yes}
}

@ARTICLE{Dubey2013, 
  author = {{Dubey}, A.  and {Calder}, A.C. and {Daley}, C. and {Fisher}, R.T. and {Graziani}, C. and
{Jordan}, G.C. and {Lamb}, D.Q. and {Reid}, L.B. and {Townsley}, D.~M. and {Weide}, K.},
  title = {Pragmatic Optimizations for Better Scientific Utilization of Large
Supercomputers},
  journal = {International Journal of High Performance Computing Applications},
  year = {2013},
  volume = {27},
  number = {3},
  pages = {360-373},
}

@article{blazewiczphysics,
  title={From physics model to results: An optimizing framework for cross-architecture code generation},
  author={Blazewicz, Marek and Hinder, Ian and Koppelman, David M and Brandt, Steven R and Ciznicki, Milosz and Kierzynka, Michal and L{\"o}ffler, Frank and Schnetter, Erik and Tao, Jian},
  journal={Scientific Programming},
  publisher={IOS Press}
}

@Misc{schnetter:2013q,
  author =       {Erik Schnetter},
  title =        {Performance and Optimization Abstractions for Large
                  Scale Heterogeneous Systems in the Cactus/Chemora
                  Framework},
  year =         2013,
  eprint =       {arxiv.org:1308.1343 [cs.DC]},
  url =          {http://arxiv.org/abs/1308.1343},
}

@MISC{samrai2008,
  author = {CASC},
  title = {{SAMRAI} Structured Adaptive Mesh Refinement Application Infrastructure},
  howpublished = {\url{https://computation.llnl.gov/casc/SAMRAI/}},
  month = {December},
  year = {2007},
  note = {{Center for Applied Scientific Computing, Lawrence Livermore National
	Laboratory}},
  owner = {lynnreid},
  timestamp = {2008.06.18}
}

@ARTICLE{hornung2002,
  author = {Hornung, R.D. and Kohn, S.R.},
  title = {Managing application complexity in the {SAMRAI} object-oriented framework},
  journal = {Concurrency and Computation: Practice and Experience},
  year = {2002},
  volume = {14},
  pages = {347--368},
  number = {5},
  owner = {lynnreid},
  timestamp = {2008.06.18}
}

@ARTICLE{Hornung2006,
  author = {Hornung, Richard D. and {Wissink}, Andrew M. and {Kohn}, Scott R.},
  title = {Managing complex data and geometry in parallel structured {AMR} applications},
  journal = {Engineering with Computers},
  year = {2006},
  volume = {22},
  pages = {181-195},
  month = dec,
  doi = {10.1007/s00366-006-0038-6},
}

@INPROCEEDINGS{Hovland2003,
  author = {P. Hovland and K. Keahey and L. C. McInnes and B. Norris and L. F.
	Diachin and P. Raghavan},
  title = {A Quality of Service Approach for High-Performance Numerical Components},
  booktitle = {Proceedings of Workshop on {QoS} in Component-Based Software Engineering,
	Software Technologies Conference},
  year = {2003},
  address = {Toulouse, France},
  month = {20 June},
  owner = {lynnreid},
  timestamp = {2008.06.19}
}


@ARTICLE{MacNeice2000,
  author = {MacNeice, P. and Olson, K.M. and Mobarry, C. and de Fainchtein, R.
	and Packer, C.},
  title = {{PARAMESH: A} parallel adaptive mesh refinement community toolkit},
  journal = {Computer Physics Communications},
  year = {2000},
  volume = {126},
  pages = {330--354},
  number = {3},
  publisher = {Elsevier}
}

@article{jasmin2010,
year={2010},
issn={1673-7350},
journal={Frontiers of Computer Science in China},
volume={4},
number={4},
doi={10.1007/s11704-010-0120-5},
title={JASMIN: a parallel software infrastructure for scientific computing},
url={http://dx.doi.org/10.1007/s11704-010-0120-5},
publisher={SP Higher Education Press},
keywords={J Adaptive Structured Meshes applications INfrastructure (JASMIN); parallel computing; scientific computing},
author={Mo, Zeyao and Zhang, Aiqing and Cao, Xiaolin and Liu, Qingkai and Xu, Xiaowen and An, Hengbin and Pei, Wenbing and Zhu, Shaoping},
pages={480-488},
language={English}
}

@article{Notz2012,
 author = {Notz, Patrick K. and Pawlowski, Roger P. and Sutherland, James C.},
 title = {Graph-Based Software Design for Managing Complexity and Enabling Concurrency in Multiphysics PDE Software},
 journal = {ACM Trans. Math. Softw.},
 issue_date = {November 2012},
 volume = {39},
 number = {1},
 month = nov,
 year = {2012},
 pages = {1:1--1:21},
 numpages = {21},
 publisher = {ACM},
 address = {New York, NY, USA},
} 

@InProceedings{TGRID10,
	author = "M. Berzins and J. Luitjens and Q. Meng and T. Harman and C.A. Wight and J.R. Peterson",
	title = "{Uintah} - A Scalable Framework for Hazard Analysis",
	booktitle = "TG '10: Proc{.} of 2010 TeraGrid Conference",
	year = "2010",
	isbn = "978-1-60558-818-6",
	location = "Pittsburgh, Pennsylvania",
	publisher = "ACM",
	address = "New York, NY, USA"
}

@Article{CharmPP,
	title = "{Programming petascale applications with Charm++ and AMPI}",
	author = "L. V. Kale and E. Bohm and C. L. Mendes and T. Wilmarth and G. Zheng",
	journal = "Petascale Computing: Algorithms and Applications",
	pages = "421--441",
	year = "2007",
	volume = "1"
}
@Article{uintah2,
	author = "S. G. Parker",
	title = "A component-based architecture for parallel multi-physics {PDE} simulation.",
	journal = "Future Generation Comput. Sys.",
	volume = "22",
	pages = "204--216",
	year = "2006"
}

@InProceedings{Qingyu,
	author = "Q. Meng and J. Luitjens and M. Berzins",
	title = "Dynamic Task Scheduling for the Uintah Framework",
	booktitle = "Proceedings of the 3rd IEEE Workshop on Many-Task Computing on Grids and Supercomputers (MTAGS10)",
	year = "2010",
	url = "http://www.sci.utah.edu/publications/meng10/Meng_TaskSchedulingUintah2010.pdf"
}

@article{case2014amber,
  title={Amber 14},
  author={Case, DA and Babin, V and Berryman, Josh and Betz, RM and Cai, Q and Cerutti, DS and Cheatham Iii, TE and Darden, TA and Duke, RE and Gohlke, H and others},
  year={2014},
  publisher={University of California}
}

@article{valiev2010nwchem,
  title={NWChem: a comprehensive and scalable open-source solution for large scale molecular simulations},
  author={Valiev, Marat and Bylaska, Eric J and Govind, Niranjan and Kowalski, Karol and Straatsma, Tjerk P and Van Dam, Hubertus JJ and Wang, Dunyou and Nieplocha, Jarek and Apra, Edoardo and Windus, Theresa L and others},
  journal={Computer Physics Communications},
  volume={181},
  number={9},
  pages={1477--1489},
  year={2010},
  publisher={Elsevier}
}

@inproceedings{Maruyama,
  title={Physis: an implicitly parallel programming model for stencil computations on large-scale GPU-accelerated supercomputers},
  author={Maruyama, Naoya and Nomura, Tatsuo and Sato, Kento and Matsuoka, Satoshi},
  booktitle={High Performance Computing, Networking, Storage and Analysis (SC), 2011 International Conference for},
  pages={1--12},
  year={2011},
  organization={IEEE}
}

@inproceedings{Orchard2010,
 author = {Orchard, Dominic A. and Bolingbroke, Max and Mycroft, Alan},
 title = {Ypnos: declarative, parallel structured grid programming},
 booktitle = {Proceedings of the 5th ACM SIGPLAN workshop on Declarative aspects of multicore programming},
 series = {DAMP '10},
 year = {2010},
 location = {Madrid, Spain},
 pages = {15--24},
 numpages = {10},
 url = {http://doi.acm.org/10.1145/1708046.1708053},
 doi = {http://doi.acm.org/10.1145/1708046.1708053},
 acmid = {1708053},
 publisher = {ACM},
 address = {New York, NY, USA},
 keywords = {comonads, edsl, parallelism, stencils, structured grids, ypnos},
} 

@MISC{tida,
  author = {D. Unat and C. Chan and W. Zhang and J. Bell and J. Shalf},
  title = {Tiling as a Durable Abstraction for Parallelism and Data Locality},
  howpublished = {\url{http://sc13.supercomputing.org/sites/default/files/WorkshopsArchive/pdfs/wp118s1.pdf}},
  year = {2013},
}

@article{haidar2012analysis,
  title={Analysis of dynamically scheduled tile algorithms for dense linear algebra on multicore architectures},
  author={Haidar, Azzam and Ltaief, Hatem and YarKhan, Asim and Dongarra, Jack},
  journal={Concurrency and Computation: Practice and Experience},
  volume={24},
  number={3},
  pages={305--321},
  year={2012},
  publisher={Wiley Online Library}
}

@inproceedings{ayyub2007gridrod,
  title={GridRod: a dynamic runtime scheduler for grid workflows},
  author={Ayyub, Shahaan and Abramson, David},
  booktitle={Proceedings of the 21st annual international conference on Supercomputing},
  pages={43--52},
  year={2007},
  organization={ACM}
}

@article{phillips2005scalable,
  title={Scalable molecular dynamics with NAMD},
  author={Phillips, James C and Braun, Rosemary and Wang, Wei and Gumbart, James and Tajkhorshid, Emad and Villa, Elizabeth and Chipot, Christophe and Skeel, Robert D and Kale, Laxmikant and Schulten, Klaus},
  journal={Journal of computational chemistry},
  volume={26},
  number={16},
  pages={1781--1802},
  year={2005},
  publisher={Wiley Online Library}
}

@inproceedings{kaiser2009parallex,
  title={Parallex an advanced parallel execution model for scaling-impaired applications},
  author={Kaiser, Hartmut and Brodowicz, Maciej and Sterling, Thomas},
  booktitle={Parallel Processing Workshops, 2009. ICPPW'09. International Conference on},
  pages={394--401},
  year={2009},
  organization={IEEE}
}

@MISC{heroux2015,
  author = {M. Heroux},
  title = {Tiling as a Durable Abstraction for Parallelism and Data Locality},
  howpublished = {\url{http://www.exascale.org/bdec/sites/www.exascale.org.bdec/files/whitepapers/HerouxBDECBarcelonaWhitepaper.pdf}},
  year = {2015},
}


@INPROCEEDINGS{Dubey2015Heteropar,
title = {A Design Proposal for a Next Generation Scientific Software Framework},
author={{A. Dubey} and {D. Graves}},
note = {HeteroPar'2015, colocated with Europar-2015},
year = {},
}


@INPROCEEDINGS{Dubey2015,
title = {Resilience Through Hierarchical State Saving and Differentiated Recovery},
author={{A. Dubey} and {H. Fujita} and {Z.A. Rubenstein} and {B. Van Straalen} and {A. Chien}},
note = {8th Workshop on Resiliency in High Performance Computing (Resilience) in Clusters, Clouds, and Grids},
year = {2015},
}

@inproceedings{gysi2014stella,
  title={Stella: A domain-specific embedded language for stencil codes on structured grids},
  author={Gysi, Tobias and Fuhrer, Oliver and Osuna, Carlos and Cumming, Benjamin and Schulthess, Thomas},
  booktitle={EGU General Assembly Conference Abstracts},
  volume={16},
  pages={8464},
  year={2014}
}

@inproceedings{stock2014framework,
  title={A framework for enhancing data reuse via associative reordering},
  author={Stock, Kevin and Kong, Martin and Grosser, Tobias and Pouchet, Louis-No{\"e}l and Rastello, Fabrice and Ramanujam, J and Sadayappan, P},
  booktitle={Proceedings of the 35th ACM SIGPLAN Conference on Programming Language Design and Implementation},
  pages={10},
  year={2014},
  organization={ACM}
}

@MISC{cc2012,
  author = {A. Dubey and D.Q. Lamb and E. Balaras},
  title = {Building Community Codes for Effective Scientific Research on {HPC} Platforms},
  howpublished = {http://flash.uchicago.edu/cc2012},
  year = {2012},
}

@ARTICLE{Enzo2013,
   author = {{The Enzo Collaboration} and {Bryan}, G.~L. and {Norman}, M.~L. and 
	{O'Shea}, B.~W. and {Abel}, T. and {Wise}, J.~H. and {Turk}, M.~J. and 
	{Reynolds}, D.~R. and {Collins}, D.~C. and {Wang}, P. and {Skillman}, S.~W. and 
	{Smith}, B. and {Harkness}, R.~P. and {Bordner}, J. and {Kim}, J.-h. and 
	{Kuhlen}, M. and {Xu}, H. and {Goldbaum}, N. and {Hummels}, C. and 
	{Kritsuk}, A.~G. and {Tasker}, E. and {Skory}, S. and {Simpson}, C.~M. and 
	{Hahn}, O. and {Oishi}, J.~S. and {So}, G.~C and {Zhao}, F. and 
	{Cen}, R. and {Li}, Y.},
    title = "{Enzo: An Adaptive Mesh Refinement Code for Astrophysics}",
  journal = {ArXiv e-prints},
archivePrefix = "arXiv",
   eprint = {1307.2265},
 primaryClass = "astro-ph.IM",
 keywords = {Astrophysics - Instrumentation and Methods for Astrophysics},
     year = 2013,
    month = jul,
   adsurl = {http://adsabs.harvard.edu/abs/2013arXiv1307.2265T},
  adsnote = {Provided by the SAO/NASA Astrophysics Data System}
}

